
@inproceedings{allenMultiwayFunctionalPrincipal2013a,
  title = {Multi-Way Functional Principal Components Analysis},
  booktitle = {2013 5th {{IEEE International Workshop}} on {{Computational Advances}} in {{Multi-Sensor Adaptive Processing}} ({{CAMSAP}})},
  author = {Allen, Genevera I.},
  year = {2013},
  month = dec,
  pages = {220--223},
  doi = {10.1109/CAMSAP.2013.6714047},
}

@article{berrenderoMahalanobisDistanceFunctional2020,
  title = {On {{Mahalanobis Distance}} in {{Functional Settings}}},
  author = {Berrendero, Jos{\'e} R. and {Bueno-Larraz}, Beatriz and Cuevas, Antonio},
  year = {2020},
  journal = {Journal of Machine Learning Research},
  volume = {21},
  number = {9},
  pages = {1--33},
  issn = {1533-7928},
}

@article{berrenderoPrincipalComponentsMultivariate2011,
  title = {Principal Components for Multivariate Functional Data},
  author = {Berrendero, J.R. and Justel, Ana and Svarc, Marcela},
  year = {2011},
  month = sep,
  journal = {Computational Statistics \& Data Analysis},
  volume = {55},
  pages = {2619--2634},
  doi = {10.1016/j.csda.2011.03.011},
}

@article{chenQuantifyingInfiniteDimensionalData2017,
  title = {Quantifying {{Infinite-Dimensional Data}}: {{Functional Data Analysis}} in {{Action}}},
  shorttitle = {Quantifying {{Infinite-Dimensional Data}}},
  author = {Chen, Kehui and Zhang, Xiaoke and Petersen, Alexander and M{\"u}ller, Hans-Georg},
  year = {2017},
  month = dec,
  journal = {Statistics in Biosciences},
  volume = {9},
  number = {2},
  pages = {582--604},
  issn = {1867-1772},
  doi = {10.1007/s12561-015-9137-5},
}

@article{chiouMultivariateFunctionalPrincipal2014,
  title = {Multivariate {{Functional Principal Component Analysis}}: {{A Normalization Approach}}},
  shorttitle = {{{MULTIVARIATE FUNCTIONAL PRINCIPAL COMPONENT ANALYSIS}}},
  author = {Chiou, Jeng-Min and Chen, Yu-Ting and Yang, Ya-Fang},
  year = {2014},
  journal = {Statistica Sinica},
  volume = {24},
  number = {4},
  eprint = {24310959},
  eprinttype = {jstor},
  pages = {1571--1596},
  publisher = {{Institute of Statistical Science, Academia Sinica}},
  issn = {1017-0405},
}

@article{delacruzDualityDiagramData2011,
  title = {The {{Duality Diagram}} in {{Data Analysis}}: {{Examples}} of {{Modern Applications}}},
  shorttitle = {{{THE DUALITY DIAGRAM IN DATA ANALYSIS}}},
  author = {{De la Cruz}, Omar and Holmes, Susan},
  year = {2011},
  month = dec,
  journal = {The annals of applied statistics},
  volume = {5},
  number = {4},
  pages = {2266--2277},
  issn = {1932-6157},
}

@article{escofierTraitementSimultaneVariables1979,
  title = {{Traitement simultan\'e de variables qualitatives et quantitatives en analyse factorielle}},
  author = {Escofier, B.},
  year = {1979},
  journal = {Cahiers de l'analyse des donn\'ees},
  volume = {4},
  number = {2},
  pages = {137--146},
}

@article{gonzalezRepresentingFunctionalData2010,
  title = {Representing Functional Data in Reproducing {{Kernel Hilbert Spaces}} with Applications to Clustering and Classification},
  author = {Gonz{\'a}lez, Javier and Mu{\~n}oz, Alberto},
  year = {2010},
  month = may,
  journal = {DES - Working Papers. Statistics and Econometrics. WS},
  number = {ws102713},
  publisher = {{Universidad Carlos III de Madrid. Departamento de Estad\'istica}},
}

@article{happMultivariateFunctionalPrincipal2018a,
  title = {Multivariate {{Functional Principal Component Analysis}} for {{Data Observed}} on {{Different}} ({{Dimensional}}) {{Domains}}},
  author = {Happ, Clara and Greven, Sonja},
  year = {2018},
  month = apr,
  journal = {Journal of the American Statistical Association},
  volume = {113},
  number = {522},
  pages = {649--659},
  publisher = {{Taylor \& Francis}},
  issn = {0162-1459},
  doi = {10.1080/01621459.2016.1273115},
}

@book{hardleAppliedMultivariateStatistical2019,
  title = {Applied {{Multivariate Statistical Analysis}}},
  author = {H{\"a}rdle, Wolfgang Karl and Simar, L{\'e}opold},
  year = {2019},
  month = nov,
  publisher = {{Springer Nature}}
}

@article{holmesMultivariateDataAnalysis2008,
  title = {Multivariate Data Analysis: {{The French}} Way},
  shorttitle = {Multivariate Data Analysis},
  author = {Holmes, Susan},
  year = {2008},
  month = jan,
  journal = {Probability and Statistics: Essays in Honor of David A. Freedman},
  volume = {2},
  pages = {219--234},
  publisher = {{Institute of Mathematical Statistics}},
  doi = {10.1214/193940307000000455},
}

@book{horvathInferenceFunctionalData2012,
  title = {Inference for {{Functional Data}} with {{Applications}}},
  author = {Horv{\`a}th, Lajos and Kokoszka, Piotr},
  year = {2012},
  series = {Springer {{Series}} in {{Statistics}}},
}

@article{jacquesModelbasedClusteringMultivariate2014a,
  title = {Model-Based Clustering for Multivariate Functional Data},
  author = {Jacques, Julien and Preda, Cristian},
  year = {2014},
  month = mar,
  journal = {Computational Statistics \& Data Analysis},
  volume = {71},
  pages = {92--106},
  issn = {0167-9473},
  doi = {10.1016/j.csda.2012.12.004}
}

@phdthesis{karhunenUeberLineareMethoden1947,
  title = {{\"Uber lineare Methoden in der Wahrscheinlichkeitsrechnung.}},
  author = {Karhunen, Kari},
  year = {1947},
  address = {{Helsinki}},
  langid = {german},
  school = {(Sana)},
  annotation = {OCLC: 250902473}
}

@article{kneipInferenceDensityFamilies2001,
  title = {Inference for {{Density Families Using Functional Principal Component Analysis}}},
  author = {Kneip, Alois and Utikal, Klaus J.},
  year = {2001},
  journal = {Journal of the American Statistical Association},
  volume = {96},
  number = {454},
  eprint = {2670290},
  eprinttype = {jstor},
  pages = {519--532},
  publisher = {{[American Statistical Association, Taylor \& Francis, Ltd.]}},
  issn = {0162-1459}
}

@article{kokoszkaSpecialIssueFunctional2017,
  title = {Special Issue on Functional Data Analysis},
  author = {Kokoszka, Piotr and Oja, Hanny and Park, Byeong and Sangalli, Laura},
  year = {2017},
  month = jan,
  journal = {Econometrics and Statistics},
  volume = {1},
  pages = {99--100},
  issn = {2452-3062},
  doi = {10.1016/j.ecosta.2016.11.003},
}

@article{krzyskoMultidimensionalEconomicIndicators2022,
  title = {Multidimensional Economic Indicators and Multivariate Functional Principal Component Analysis ({{MFPCA}}) in a Comparative Study of Countries' Competitiveness},
  author = {Krzy{\'s}ko, Miros{\l}aw and Nijkamp, Peter and Ratajczak, Waldemar and Wo{\l}y{\'n}ski, Waldemar},
  year = {2022},
  month = jan,
  journal = {Journal of Geographical Systems},
  volume = {24},
  number = {1},
  pages = {49--65},
  issn = {1435-5949},
  doi = {10.1007/s10109-021-00352-8},
}

@article{loeveFonctionsAleatoiresStationnaires1945,
  title = {{Sur les fonctions al\'eatoires stationnaires de second ordre}},
  author = {Lo{\`e}ve, Michel},
  year = {1945},
  journal = {La Revue Scientifique, 5. S\'erie},
  volume = {83},
  pages = {297--303},
  issn = {0370-4556},
  urldate = {2018-11-13},
  langid = {french},
  zmnumber = {0063.03610}
}

@article{martinoKmeansProcedureBased2019,
  title = {A K-Means Procedure Based on a {{Mahalanobis}} Type Distance for Clustering Multivariate Functional Data},
  author = {Martino, Andrea and Ghiglietti, Andrea and Ieva, Francesca and Paganoni, Anna Maria},
  year = {2019},
  month = jun,
  journal = {Statistical Methods \& Applications},
  volume = {28},
  number = {2},
  pages = {301--322},
  issn = {1613-981X},
  doi = {10.1007/s10260-018-00446-6}
}

@book{pagesMultipleFactorAnalysis2014,
  title = {Multiple {{Factor Analysis}} by {{Example Using R}}},
  author = {Pag{\`e}s, J{\'e}r{\^o}me},
  year = {2014},
  month = nov,
  publisher = {{CRC Press}},
  abstract = {Multiple factor analysis (MFA) enables users to analyze tables of individuals and variables in which the variables are structured into quantitative, qualitative, or mixed groups. Written by the co-developer of this methodology, Multiple Factor Analysis by Example Using R brings together the theoretical and methodological aspects of MFA. It also inc},
  googlebooks = {BR5jDAAAQBAJ},
  isbn = {978-1-4987-8669-0},
  langid = {english},
  keywords = {Mathematics / Probability \& Statistics / General},
  file = {/Users/steven/Zotero/storage/PTJ43Y3G/Pages - 2014 - Multiple Factor Analysis by Example Using R.pdf}
}

@article{protheroNewPerspectivesCentering2023,
  title = {New {{Perspectives}} on {{Centering}}},
  author = {Prothero, Jack and Hannig, Jan and Marron, J. S.},
  year = {2023},
  month = apr,
  journal = {The New England Journal of Statistics in Data Science},
  pages = {1--21},
  publisher = {{New England Statistical Society}},
  issn = {2693-7166},
  doi = {10.51387/23-NEJSDS31},
}

@book{ramsayFunctionalDataAnalysis2005,
  title = {Functional {{Data Analysis}}},
  author = {Ramsay, James and Silverman, B. W.},
  year = {2005},
  month = jun,
  publisher = {{Springer Science \& Business Media}},
}

@article{ramsayWhenDataAre1982a,
  title = {When the Data Are Functions},
  author = {Ramsay, J. O.},
  year = {1982},
  month = dec,
  journal = {Psychometrika},
  volume = {47},
  number = {4},
  pages = {379--396},
  issn = {1860-0980},
  doi = {10.1007/BF02293704},
  urldate = {2023-01-16},
  abstract = {A datum is often a continuous functionx(t) of a variable such as time observed over some interval. One or more such functions are observed for each subject or unit of observation. The extension of classical data analytic techniques designed forp-variate observations to such data is discussed. The essential step is the expression of the classical problem in the language of functional analysis, after which the extension to functions is a straightforward matter. A schematic device called the duality diagram is a very useful tool for describing an analysis and for suggesting new possibilities. Least squares approximation, descriptive statistics, principal components analysis, and canonical correlation analysis are discussed within this broader framework.},
  langid = {english},
  keywords = {continuous data,duality diagram,functional analysis},
  file = {/Users/steven/Zotero/storage/XY7L4SJI/Ramsay - 1982 - When the data are functions.pdf}
}

@book{reedMethodsModernMathematical1980,
  title = {Methods of {{Modern Mathematical Physics}}: {{Functional}} Analysis},
  shorttitle = {Methods of {{Modern Mathematical Physics}}},
  author = {Reed, Michael and Simon, Barry},
  year = {1980},
  publisher = {{Academic Press}},
  abstract = {This book is the first of a multivolume series devoted to an exposition of functional analysis methods in modern mathematical physics. It describes the fundamental principles of functional analysis and is essentially self-contained, although there are occasional references to later volumes. We have included a few applications when we thought that they would provide motivation for the reader. Later volumes describe various advanced topics in functional analysis and give numerous applications in classical physics, modern physics, and partial differential equations.},
  isbn = {978-0-12-585050-6},
  langid = {english},
  keywords = {Mathematical physics,Science / Mathematical Physics,Science / Physics},
  file = {/Users/steven/Zotero/storage/RL66XX5T/Reed and Simon - 1980 - Methods of Modern Mathematical Physics Functional.pdf}
}

@article{saportaSimultaneousAnalysisQualitative1990,
  title = {Simultaneous {{Analysis}} of {{Qualitative}} and {{Quantitative Data}}},
  author = {Saporta, G.},
  year = {1990},
  journal = {Atti 35\textdegree{} Riunione Scientifica della Societa Italiana di Statistica},
  pages = {pp. 63-72},
  urldate = {2022-05-17},
  langid = {english},
  file = {/Users/steven/Zotero/storage/8TN5KP8F/Saporta - 1990 - Simultaneous Analysis of Qualitative and Quantitat.pdf;/Users/steven/Zotero/storage/9UCQUMZ4/bef73f9f1565aedfd97c1125bed2f0eedbb9ec22.html}
}

@article{songSparseMultivariateFunctional2022,
  title = {Sparse Multivariate Functional Principal Component Analysis},
  author = {Song, Jun and Kim, Kyongwon},
  year = {2022},
  journal = {Stat},
  volume = {11},
  number = {1},
  pages = {e435},
  issn = {2049-1573},
  doi = {10.1002/sta4.435},
}

@article{wangFunctionalDataAnalysis2016,
  title = {Functional {{Data Analysis}}},
  author = {Wang, Jane-Ling and Chiou, Jeng-Min and M{\"u}ller, Hans-Georg},
  year = {2016},
  journal = {Annual Review of Statistics and Its Application},
  volume = {3},
  number = {1},
  pages = {257--295},
  doi = {10.1146/annurev-statistics-041715-033624},
}


@article{warmenhovenBivariateFunctionalPrincipal2019,
  title = {Bivariate Functional Principal Components Analysis: Considerations for Use with Multivariate Movement Signatures in Sports Biomechanics},
  shorttitle = {Bivariate Functional Principal Components Analysis},
  author = {Warmenhoven, John and Cobley, Stephen and Draper, Conny and Harrison, Andrew and Bargary, Norma and Smith, Richard},
  year = {2019},
  month = jan,
  journal = {Sports Biomechanics},
  volume = {18},
  number = {1},
  pages = {10--27},
  publisher = {{Routledge}},
  issn = {1476-3141},
  doi = {10.1080/14763141.2017.1384050},
}

@article{wongNonparametricOperatorregularizedCovariance2019a,
  title = {Nonparametric Operator-Regularized Covariance Function Estimation for Functional Data},
  author = {Wong, Raymond K. W. and Zhang, Xiaoke},
  year = {2019},
  month = mar,
  journal = {Computational Statistics \& Data Analysis},
  series = {High-Dimensional and Functional Data Analysis},
  volume = {131},
  pages = {131--144},
  issn = {0167-9473},
  doi = {10.1016/j.csda.2018.05.013},
}

@article{yaoFunctionalDataAnalysis2005,
  title = {Functional {{Data Analysis}} for {{Sparse Longitudinal Data}}},
  author = {Yao, Fang and M{\"u}ller, Hans-Georg and Wang, Jane-Ling},
  year = {2005},
  month = jun,
  journal = {Journal of the American Statistical Association},
  volume = {100},
  number = {470},
  pages = {577--590},
  publisher = {{Taylor \& Francis}},
  issn = {0162-1459},
  doi = {10.1198/016214504000001745},
}

@misc{golovkineEstimationNumberComponents2023,
  title = {On the Estimation of the Number of Components in Multivariate Functional Principal Component Analysis},
  author = {Golovkine, Steven and Gunning, Edward and Simpkin, Andrew J. and Bargary, Norma},
  year = {2023},
  month = nov,
  number = {arXiv:2311.04540},
  eprint = {2311.04540},
  primaryclass = {stat},
  publisher = {{arXiv}},
  doi = {10.48550/arXiv.2311.04540},
}

@book{silvermanDensityEstimationStatistics1986,
  title = {Density {{Estimation}} for {{Statistics}} and {{Data Analysis}}},
  author = {Silverman, Bernard W.},
  year = {1986},
  month = apr,
  publisher = {{CRC Press}},
}

@article{grithFunctionalPrincipalComponent2018,
  title = {Functional {{Principal Component Analysis}} for {{Derivatives}} of {{Multivariate Curves}}},
  author = {Grith, Maria and Wagner, Heiko and H{\"a}rdle, Wolfgang K. and Kneip, Alois},
  year = {2018},
  journal = {Statistica Sinica},
  volume = {28},
  number = {4},
  eprint = {26511222},
  eprinttype = {jstor},
  pages = {2469--2496},
  publisher = {{Institute of Statistical Science, Academia Sinica}},
  issn = {1017-0405},
}

@article{hallVarianceEstimationNonparametric1990,
  title = {On {{Variance Estimation}} in {{Nonparametric Regression}}},
  author = {Hall, Peter and Marron, J. S.},
  year = {1990},
  journal = {Biometrika},
  volume = {77},
  number = {2},
  eprint = {2336824},
  eprinttype = {jstor},
  pages = {415--419},
  publisher = {{[Oxford University Press, Biometrika Trust]}},
  issn = {0006-3444},
  doi = {10.2307/2336824},
}

@article{hallAsymptoticallyOptimalDifferenceBased1990,
  title = {Asymptotically {{Optimal Difference-Based Estimation}} of {{Variance}} in {{Nonparametric Regression}}},
  author = {Hall, Peter and Kay, J. W. and Titterington, D. M.},
  year = {1990},
  journal = {Biometrika},
  volume = {77},
  number = {3},
  eprint = {2336990},
  eprinttype = {jstor},
  pages = {521--528},
  publisher = {{[Oxford University Press, Biometrika Trust]}},
  issn = {0006-3444},
  doi = {10.2307/2336990},
  urldate = {2023-11-15},
}

@article{zhangSparseDenseFunctional2016,
  title = {From Sparse to Dense Functional Data and Beyond},
  author = {Zhang, Xiaoke and Wang, Jane-Ling},
  year = {2016},
  month = oct,
  journal = {The Annals of Statistics},
  volume = {44},
  number = {5},
  pages = {2281--2321},
  publisher = {{Institute of Mathematical Statistics}},
  issn = {0090-5364, 2168-8966},
  doi = {10.1214/16-AOS1446},
  urldate = {2023-08-24},
}

@article{eilersTwentyYearsPsplines2015,
  title = {Twenty Years of {{P-splines}}},
  author = {Eilers, Paul H. C. and Marx, Brian D. and Durb{\'a}n, Maria},
  year = {2015},
  journal = {SORT-Statistics and Operations Research Transactions},
  volume = {39},
  number = {2},
  pages = {149--186},
  issn = {2013-8830},
  urldate = {2024-02-26},
}

@book{fanLocalPolynomialModelling1996,
  title = {Local {{Polynomial Modelling}} and {{Its Applications}}: {{Monographs}} on {{Statistics}} and {{Applied Probability}} 66},
  shorttitle = {Local {{Polynomial Modelling}} and {{Its Applications}}},
  author = {Fan, Jianqing and Gijbels, Irene},
  year = {1996},
  month = mar,
  publisher = {{CRC Press}},
}

@article{eilersFlexibleSmoothingBsplines1996,
  title = {Flexible Smoothing with {{B-splines}} and Penalties},
  author = {Eilers, Paul H. C. and Marx, Brian D.},
  year = {1996},
  month = may,
  journal = {Statistical Science},
  volume = {11},
  number = {2},
  pages = {89--121},
  publisher = {Institute of Mathematical Statistics},
  issn = {0883-4237, 2168-8745},
  doi = {10.1214/ss/1038425655},
}

@article{kleffePrincipalComponentsRandom1973,
  title = {Principal Components of Random Variables with Values in a Seperable Hilbert Space},
  author = {Kleffe, J{\"u}rgen},
  year = {1973},
  month = jan,
  journal = {Mathematische Operationsforschung und Statistik},
  volume = {4},
  number = {5},
  pages = {391--406},
  publisher = {Taylor \& Francis},
  issn = {0047-6277},
  doi = {10.1080/02331887308801137},
  urldate = {2024-10-15},
}

@article{devilleMethodesStatistiquesNumeriques1974,
  title = {M{\'e}thodes Statistiques et Num{\'e}riques de l'analyse Harmonique},
  author = {Deville, Jean-Claude},
  year = {1974},
  journal = {Annales de l'ins{\'e}{\'e}},
  number = {15},
  eprint = {20075177},
  eprinttype = {jstor},
  pages = {3--101},
  publisher = {[GENES, ADRES]},
  issn = {0019-0209},
  doi = {10.2307/20075177},
  urldate = {2024-10-15},
}

@article{kosambiStatisticsFunctionSpace1943,
  title = {Statistics in Function Space},
  author = {Kosambi, D. D.},
  year = {1943},
  journal = {Journal of the Indian Mathematical Society},
  volume = {7},
  pages = {76--88},
  publisher = {Indian Mathematical Society},
  issn = {0019-5839},
  urldate = {2024-10-21},
  abstract = {This article does not have an abstract.},
  langid = {english},
}

@misc{ramsayFdaFunctionalData2023,
  title = {Fda: {{Functional Data Analysis}}},
  shorttitle = {Fda},
  author = {Ramsay, James and Hooker, Giles and Graves, Spencer},
  year = {2023},
  month = may,
  urldate = {2024-01-10},
  copyright = {GPL-2 {\textbar} GPL-3 [expanded from: GPL ({$\geq$} 2)]},
}
